
@article{Pickard:J.Comput.AidedMol.Des.:2016,
  title = {Blind Prediction of Distribution in the {{SAMPL5}} Challenge with {{QM}} Based Protomer and {{pK}} a Corrections},
  volume = {30},
  issn = {0920-654X, 1573-4951},
  doi = {10.1007/s10822-016-9955-7},
  number = {11},
  journal = {J. Comput. Aided Mol. Des.},
  author = {Pickard, Frank C. and K{\"o}nig, Gerhard and Tofoleanu, Florentina and Lee, Juyong and Simmonett, Andrew C. and Shao, Yihan and Ponder, Jay W. and Brooks, Bernard R.},
  month = nov,
  year = {2016},
  pages = {1087-1100}
}

@article{VanKreel:Biochem.Mol.Biol.Educ.:1985,
  title = {The Estimation of the Apparent Standard Free Energy Change {{$\Delta$GopH}} of a Biochemical Reaction from the Standard Free Energy of Formation and Apparent Free Energy of Ionization of the Participating Molecules and Its Application to the Reactions of the Purine Metabolism},
  volume = {13},
  number = {3},
  journal = {Biochem. Mol. Biol. Educ.},
  author = {Van Kreel, B. K.},
  year = {1985},
  pages = {125--130}
}

@article{Krol:J.Chem.TheoryComput.:2006,
  title = {Macroscopic p {{{\emph{K}}}} {\textsubscript{a}} {{Calculations}} for {{Fluorescein}} and {{Its Derivatives}}},
  volume = {2},
  issn = {1549-9618, 1549-9626},
  doi = {10.1021/ct600235y},
  number = {6},
  journal = {J. Chem. Theory Comput.},
  author = {Kr{\'o}l, Marcin and Wrona, Marta and Page, Christopher S. and Bates, Paul A.},
  month = nov,
  year = {2006},
  pages = {1520-1529}
}

@article{Aguilar:Biophys.J.:2010,
  title = {Statistics and {{Physical Origins}} of {{pK}} and {{Ionization State Changes}} upon {{Protein}}-{{Ligand Binding}}},
  volume = {98},
  issn = {00063495},
  doi = {10.1016/j.bpj.2009.11.016},
  number = {5},
  journal = {Biophys. J.},
  author = {Aguilar, Boris and Anandakrishnan, Ramu and Ruscio, Jory Z. and Onufriev, Alexey V.},
  month = mar,
  year = {2010},
  pages = {872-880}
}

@article{Jordan:Nature:2005,
  title = {A Universal Trend of Amino Acid Gain and Loss in Protein Evolution},
  volume = {433},
  issn = {0028-0836, 1476-4679},
  doi = {10.1038/nature03306},
  number = {7026},
  journal = {Nature},
  author = {Jordan, I. King and Kondrashov, Fyodor A. and Adzhubei, Ivan A. and Wolf, Yuri I. and Koonin, Eugene V. and Kondrashov, Alexey S. and Sunyaev, Shamil},
  month = feb,
  year = {2005},
  pages = {633-638}
}

@article{Bochevarov:Int.J.QuantumChem.:2013,
  title = {Jaguar: {{A}} High-Performance Quantum Chemistry Software Program with Strengths in Life and Materials Sciences},
  volume = {113},
  issn = {00207608},
  doi = {10.1002/qua.24481},
  number = {18},
  journal = {Int. J. Quantum Chem.},
  author = {Bochevarov, Art D. and Harder, Edward and Hughes, Thomas F. and Greenwood, Jeremy R. and Braden, Dale A. and Philipp, Dean M. and Rinaldo, David and Halls, Mathew D. and Zhang, Jing and Friesner, Richard A.},
  month = sep,
  year = {2013},
  pages = {2110-2142}
}

@article{tenBrink:J.Comput.AidedMol.Des.:2010,
  title = {{{pKa}} Based Protonation States and Microspecies for Protein\textendash{}ligand Docking},
  volume = {24},
  issn = {0920-654X, 1573-4951},
  doi = {10.1007/s10822-010-9385-x},
  number = {11},
  journal = {J. Comput. Aided Mol. Des.},
  author = {{ten Brink}, Tim and Exner, Thomas E.},
  month = nov,
  year = {2010},
  pages = {935-942}
}

@article{Manchester:J.Chem.Inf.Model.:2010,
  title = {Evaluation of p {{{\emph{K}}}} {\textsubscript{a}} {{Estimation Methods}} on 211 {{Druglike Compounds}}},
  volume = {50},
  issn = {1549-9596, 1549-960X},
  doi = {10.1021/ci100019p},
  number = {4},
  journal = {J. Chem. Inf. Model.},
  author = {Manchester, John and Walkup, Grant and Rivin, Olga and You, Zhiping},
  month = apr,
  year = {2010},
  pages = {565-571}
}

@article{Shelley:J.Comput.AidedMol.Des.:2007b,
  title = {Epik: A Software Program for {{pK}} a Prediction and Protonation State Generation for Drug-like Molecules},
  volume = {21},
  issn = {0920-654X, 1573-4951},
  doi = {10.1007/s10822-007-9133-z},
  number = {12},
  journal = {J. Comput. Aided Mol. Des.},
  author = {Shelley, John C. and Cholleti, Anuradha and Frye, Leah L. and Greenwood, Jeremy R. and Timlin, Mathew R. and Uchimaya, Makoto},
  month = dec,
  year = {2007},
  pages = {681-691}
}


